@article{li2007adjusting,
  title={Adjusting batch effects in microarray expression data using empirical Bayes methods},
  author={Li, C. and Rabinovic, A.},
  journal={Biostatistics},
  volume={8},
  number={1},
  pages={118},
  year={2007},
  publisher={Biometrika Trust}
}








